<record><leader>00000cas a2200000 a 4500</leader><controlfield tag="001">38254979</controlfield><controlfield tag="008">980123d19811983cauwr ne      0    0eng c</controlfield><datafield ind1=" " ind2=" " tag="010"><subfield code="a">sn 97069716 </subfield></datafield><datafield ind1=" " ind2=" " tag="040"><subfield code="a">CNK</subfield><subfield code="b">eng</subfield><subfield code="c">CNK</subfield><subfield code="d">OCLCQ</subfield><subfield code="d">CRU</subfield><subfield code="d">CNK</subfield><subfield code="d">OCLCQ</subfield><subfield code="d">OCLCF</subfield><subfield code="d">OCLCO</subfield></datafield><datafield ind1="1" ind2=" " tag="029"><subfield code="a">AU@</subfield><subfield code="b">000013708303</subfield></datafield><datafield ind1=" " ind2=" " tag="042"><subfield code="a">pcc</subfield></datafield><datafield ind1=" " ind2=" " tag="043"><subfield code="a">n-us-ca</subfield></datafield><datafield ind1="1" ind2="4" tag="050"><subfield code="a">AN1.C36</subfield><subfield code="b">A541</subfield></datafield><datafield ind1="0" ind2="4" tag="245"><subfield code="a">The post-advocate and San Gabriel progress.</subfield></datafield><datafield ind1=" " ind2=" " tag="260"><subfield code="a">Alhambra, Calif. :</subfield><subfield code="b">Southern California Pub.</subfield></datafield><datafield ind1=" " ind2=" " tag="300"><subfield code="a">v.</subfield></datafield><datafield ind1=" " ind2=" " tag="310"><subfield code="a">Weekly,</subfield><subfield code="b">Feb. 10, 1982-July 13, 1983</subfield></datafield><datafield ind1=" " ind2=" " tag="321"><subfield code="a">Weekly,</subfield><subfield code="b">Feb. 18-Mar. 11, 1981</subfield></datafield><datafield ind1=" " ind2=" " tag="321"><subfield code="a">Semiweekly,</subfield><subfield code="b">Mar. 13, 1981-Feb. 3, 1982</subfield></datafield><datafield ind1="0" ind2=" " tag="362"><subfield code="a">Vol. 84, no. 7 (Feb. 18, 1981)-v. 86, no. 28 (July 13, 1983).</subfield></datafield><datafield ind1=" " ind2=" " tag="530"><subfield code="a">Master negatives are available for duplication from:</subfield><subfield code="b">California Newspaper Microfilm Archive;</subfield><subfield code="c">positive copies may be purchased by the reel; for further information consult the CNMA at:</subfield><subfield code="u">http://cbsr.ucr.edu</subfield></datafield><datafield ind1=" " ind2="0" tag="651"><subfield code="a">San Gabriel River Valley (Calif.)</subfield><subfield code="v">Newspapers.</subfield></datafield><datafield ind1=" " ind2="0" tag="651"><subfield code="a">Alhambra (Calif.)</subfield><subfield code="v">Newspapers.</subfield></datafield><datafield ind1=" " ind2="7" tag="655"><subfield code="a">Newspapers.</subfield><subfield code="2">fast</subfield><subfield code="0">(OCoLC)fst01423814</subfield></datafield><datafield ind1=" " ind2="7" tag="651"><subfield code="a">California</subfield><subfield code="z">Alhambra.</subfield><subfield code="2">fast</subfield><subfield code="0">(OCoLC)fst01217462</subfield></datafield><datafield ind1=" " ind2="7" tag="651"><subfield code="a">California</subfield><subfield code="z">San Gabriel River Valley.</subfield><subfield code="2">fast</subfield><subfield code="0">(OCoLC)fst01275269</subfield></datafield><datafield ind1=" " ind2=" " tag="752"><subfield code="a">United States</subfield><subfield code="b">California</subfield><subfield code="c">Los Angeles</subfield><subfield code="d">Alhambra.</subfield></datafield><datafield ind1="0" ind2="4" tag="780"><subfield code="t">San Gabriel progress (Alhambra, Calif. : 1975)</subfield><subfield code="w">(DLC)sn 97069715</subfield></datafield><datafield ind1="0" ind2="4" tag="780"><subfield code="t">Post-advocate (Alhambra, Calif. : 1953)</subfield><subfield code="w">(DLC)sn 96064304</subfield></datafield><datafield ind1="0" ind2="6" tag="785"><subfield code="t">Post advocate (Alhambra, Calif. : 1983)</subfield><subfield code="w">(DLC)sn 97069717</subfield></datafield><datafield ind1="0" ind2="6" tag="785"><subfield code="t">San Gabriel progress</subfield><subfield code="w">(DLC)sn 97069718</subfield></datafield></record>